2700 4759
604 67 609 82 ¹
643 63 653 88 l

524 105 529 122 ι
634 89 643 118 Ι

305 247 737 361 ’,οιιιιιιιιιιιι
912 227 917 243 ’
1024 276 1099 336 ιιι
1174 240 1179 254 ’

58 439 169 524 &cist
211 441 368 511 Αιιιιιιιιι
389 437 565 531 equidem,
591 416 724 530 inquit,
751 438 915 512 etatem
947 405 1100 534 Quemt
1164 507 1168 542 ὅ

60 541 208 626 inquam.
226 537 422 660 numquid
411 559 515 622 istum
534 545 594 633 qui
606 555 742 634 praeter
759 542 985 612 futuraetiam
999 565 1103 640 ιιιιιο-ι
1197 625 1201 638 Ι

61 644 156 708 terita
174 645 299 728 omnia
304 659 480 731 cognoscat
492 659 525 713 et
540 646 745 734 praesentia,
773 639 926 733 nihilque
941 641 1101 733 ιςιιοιιιῖ

57 763 225 858 ponamus
253 746 343 813 enim
377 747 544 836 eiusmodi
573 751 720 834 aliquem
742 770 823 814 esse.
855 746 1101 835 nequeenim,
1170 770 1203 796 -“
1255 783 1257 794 ·

24 843 25 846 ’
59 845 191 932 opinor,
212 849 315 920 atium
332 847 461 915 dixeris
479 850 585 936 magis
599 850 746 916 scienter
760 837 1101 936 νιινιιιιιςιιιιιιιιιιιιιιι.1
1188 853 1191 862 “

57 944 158 1022 Nuiio
176 947 290 1014 modo.
334 950 435 1016 Hoe
425 953 530 1040 igitur
546 950 657 1016 adhue
675 952 830 1017 desidero
842 971 1009 1039 quaenam
1020 971 1098 1016 eum
1168 1025 1182 1040 -„
1196 947 1208 1006 ,¹

57 1047 195 1114 scientia
222 1051 340 1118 reddat
360 1050 515 1134 felicem,
556 1074 599 1118 an
622 1076 741 1119 omnes
764 1049 897 1140 seque?
952 1050 1101 1118 Minime

58 1169 182 1235 aeque,
215 1133 338 1237 inquit.
380 1154 427 1221 At
454 1176 620 1242 quaenam
654 1155 833 1222 maxime?
866 1151 1029 1242 quidnam
1057 1150 1100 1216 de

55 1249 288 1336 praesentibus
319 1266 354 1321 et
386 1257 579 1343 praeteritis
607 1271 642 1324 et
664 1256 791 1323 futuris
813 1257 873 1326 illa
900 1253 1099 1343 cognoscit?
1165 1249 1177 1290 ³

57 1371 145 1415 mmr
158 1353 342 1422 duodecim
358 1360 566 1445 scriptorum
581 1358 719 1425 lusum?
732 1353 856 1445 ‘Quem
870 1358 995 1445 inquit,
1015 1377 1099 1442 nar·-
1124 1407 1130 1422 .

55 1473 107 1520 ras
131 1451 310 1520 duodecim
332 1458 543 1554 scriptorum
558 1446 700 1528 tusum?
742 1459 1099 1538 Atratioc'inandiar-
1140 1505 1145 1510 -

56 1554 148 1619 tem?
193 1555 350 1623 Minime.
392 1561 449 1626 An
478 1561 619 1629 sanandi
641 1547 778 1629 arteni?
822 1560 952 1649 Magis,
975 1558 1098 1646 inquit.

56 1651 150 1722 iilam
161 1647 252 1723 ivero
268 1660 377 1744 die,
367 1683 528 1750 inquam,
550 1684 617 1750 qua
639 1665 792 1730 maxime
794 1662 944 1752 aliquid
910 1684 1099 1756 tcogno·
1118 1717 1121 1726 .
1163 1653 1173 1666 ’

56 1778 147 1823 scens
161 1759 325 1829 reddatur
343 1763 441 1832 felix
460 1763 562 1868 Qua
577 1765 728 1846 bonum,
755 1766 883 1852 inquit,
908 1775 941 1830 et
954 1766 1097 1848 malunt·
1159 1841 1168 1862 x

58 1856 87 1920 0
109 1860 306 1941 sceleste,
281 1887 456 1952 inquam,
460 1847 611 1936 dudum
634 1889 691 1932 me
715 1866 752 1933 in
766 1867 886 1933 orbem
900 1839 1100 1932 circumdu-
1138 1916 1146 1926 .

57 1958 102 2024 cis
110 1959 313 2047 ,celans‚
293 1988 363 2032 non
381 1990 452 2032 esse
468 1968 614 2033 scienter
628 1968 749 2034 virere
764 1968 801 2038 id
820 1964 908 2055 quoti
922 1965 1042 2032 efficiat
1060 1973 1099 2034 ut

54 2008 139 2129 bede
165 2087 305 2152 agamus
333 2080 368 2135 et
395 2067 512 2146 felices
534 2068 660 2149 sitnus,
685 2092 749 2135 nec
772 2069 915 2156 reliquis
940 2067 1098 2134 omnssius
1141 2077 1145 2088 '
1178 2093 1182 2110 ³

56 2167 203 2236 scientiis
224 2167 290 2233 hoe
314 2170 504 2253 contineri,
526 2171 585 2237 scd
612 2193 681 2240 nna
709 2185 838 2238 tantum
863 2170 927 2237 hac
951 2190 1038 2256 qnae
1058 2167 1097 2235 in
1117 2191 1120 2200 ·

56 2266 144 2335 bono
159 2282 194 2335 et
207 2268 299 2335 malo
313 2285 480 2340 versetur.
491 2299 495 2314 ·
506 2273 576 2340 iam
592 2272 667 2351 dio,
689 2273 815 2344 Critia.
834 2271 864 2340 si
878 2272 967 2344 hano
982 2265 1110 2340 scien?
1182 2349 1184 2358 s

56 2370 135 2437 tiam
155 2370 312 2439 eximere
337 2367 389 2439 vis
413 2395 431 2438 e
448 2374 588 2463 reliquis
604 2371 772 2458 scientiis,
792 2397 877 2442 num
894 2377 1006 2441 minus
1020 2395 1098 2440 me-

57 2471 165 2558 dicina
179 2473 356 2539 sanitatem
374 2471 507 2555 efficiet,
527 2478 662 2556 sutrina
677 2478 809 2543 calceos
830 2475 996 2558 conficiet,
1016 2487 1096 2568 ten-

57 2576 294 2666 toria-restes,
331 2577 573 2663 gubernatricia
603 2578 769 2668 impediet
796 2576 980 2666 quominus
1007 2574 1098 2672 mari

56 2697 234 2763 pereamus
250 2689 285 2742 et
297 2675 520 2776 imperatorie
529 2702 589 2754 ,ars
604 2681 787 2769 quominus
799 2681 837 2748 in
857 2678 973 2745 bello?
1006 2675 1098 2745 'Non

56 2776 188 2858 minus,
217 2778 342 2864 inquit,
385 2781 453 2860 At,
486 2805 508 2848 o
538 2805 617 2850 care
637 2783 764 2860 Critia,
802 2793 840 2848 ut
860 2781 947 2847 bene
968 2778 1096 2848 horum

56 2879 203 2965 quidque
224 2877 283 2946 fiat
298 2894 400 2967 atque
412 2881 562 2964 utiliter,
590 2882 656 2948 hoe
671 2906 734 2948 nos
750 2880 883 2948 deficiet
895 2880 954 2947 ilia
966 2882 995 2946 si
1013 2882 1105 2948 abe··

55 2979 110 3047 rit.
149 2981 243 3050 Vera
258 2979 352 3050 dieis.
393 2982 455 3050 tua
469 2996 582 3049 autem
592 3031 604 3063 ,
623 2997 664 3050 nt
680 2995 791 3071 petet,
812 2993 947 3068 nonest
960 2969 1096 3071 tempcss

55 3077 181 3163 tantia,
208 3081 268 3168 sed
289 3103 327 3147 ea
344 3082 442 3150 euius
456 3105 580 3152 munus
599 3098 649 3151 est
663 3084 761 3151 uobis
775 3084 956 3173 prodesse3
973 3106 1097 3170 -neque
1199 3131 1204 3140 .

56 3181 144 3250 enim
164 3182 384 3250 scientiarum
401 3197 435 3252 et
448 3185 703 3268 inscientiarum
717 3186 925 3266 scientiaest,
944 3183 1096 3251 sedboni

56 3302 93 3346 so
107 3282 207 3350 mali:
237 3298 293 3364 ut,
312 3284 452 3352 ethaeo
466 3287 560 3354 utilis
577 3300 645 3368 est,
658 3287 888 3390 temperentia
904 3285 996 3354 atiud
1011 3285 1095 3373 quid

55 3381 210 3470 utquam
225 3384 329 3452 utilis
370 3386 444 3453 Cur
459 3400 588 3468 autem,
614 3375 746 3476 inquit,
773 3388 856 3457 haec
870 3405 941 3455 nou
956 3386 1094 3501 prosit?

55 3503 130 3550 nam
155 3485 183 3550 si
204 3485 424 3553 scientiarum
448 3489 589 3556 scientia
612 3491 842 3580 temperantia
858 3500 908 3557 est
930 3487 1101 3586 maxime,
1188 3495 1192 3504 “

57 3597 90 3651 et
104 3586 244 3676 reliquis
261 3590 454 3678 praeposita
467 3605 518 3672 est
533 3591 697 3676 scientiis,
716 3593 816 3661 etiam
831 3591 910 3656 hnic
923 3589 1096 3688 praefecta

55 3687 213 3754 scientiae
236 3712 323 3777 quae
344 3691 381 3758 in
407 3689 496 3757 bono
511 3707 669 3760 versatur
684 3694 782 3759 nobis
796 3691 960 3782 proderit
1001 3691 1095 3759 Num

55 3787 154 3855 etiam
180 3811 279 3856 sanos
303 3814 367 3856 nos
386 3792 523 3874 reddet,
550 3796 712 3884 inquam,
739 3793 840 3870 haec,
866 3813 936 3858 non
950 3792 1094 3858 medici-

54 3891 119 3956 na?
153 3904 188 3960 et
205 3892 337 3992 reliqua
358 3915 445 3983 quae
460 3896 586 3975 artium
601 3909 681 3964 suut
694 3895 778 3966 haee
793 3893 930 3977 efficiet,
950 3907 1022 3966 uon
1036 3915 1094 3960 re-
