2700 4759
401 303 750 405 arsuras.
1021 315 1100 414 aas

53 505 195 612 agoadi,
221 518 282 588 lllo
298 518 465 606 vcro‘qul
479 515 725 607 sapientiorem
739 491 1104 608 se'easapr'olltebatur
1129 543 1132 560 ·
1218 529 1221 540 '

61 623 314 710 interrogandus
331 643 413 703 osso,
434 632 474 687 ut
487 620 604 699 etiam,
624 618 652 685 si
669 640 816 708 possem,
832 621 874 685 ab
889 645 931 688 eo
952 624 1102 690 iuvaret.

61 726 131 792 dixi
151 725 266 813 igitur.
309 723 547 789 incommune
567 723 799 809 quaestionem
814 721 1101 812 hancproposuir
1198 773 1203 790 .
1280 723 1285 730 ⁷

60 828 94 893 si
108 840 222 912 autem
243 839 282 893 tu
306 840 404 915 putas
423 819 546 891 melius
571 836 605 890 te
632 846 733 910 quam
747 821 840 889 huno
856 839 1103 913 responsurum

58 950 154 1005 esse,
180 941 214 994 to
237 927 412 1013 interrogo
432 926 525 994 idam
537 923 637 1012 'quod
659 921 771 1006 hunc,
801 948 845 991 an
866 925 1024 1044 videatur
1037 930 1103 997 tibi

60 1029 293 1182 philosophati
307 1027 505 1164 pulchrum
509 1050 580 1094 esee
591 1047 712 1094 necno

75 1265 236 1334 Haeo
241 1245 325 1346 fers
343 1279 453 1353 quum
464 1281 527 1331 nos
543 1264 692 1331 dicentes
708 1219 935 1335 adolescentes
946 1263 1105 1338 audirent
1142 1243 1145 1250 1

60 1379 239 1434 tacuerunt
262 1382 299 1437 et
302 1349 455 1456 litigare
474 1367 670 1436 desistentes
688 1367 860 1433 auditores
872 1372 981 1437 nostri
995 1373 1105 1440 exsti·

60 1473 187 1538 terunt,
216 1489 254 1536 ac
277 1421 447 1557 quomhdo
469 1480 635 1534 amatores
659 1467 772 1535 affecti
798 1447 964 1553 suerint,
974 1453 1102 1556 nescio,
1211 1468 1233 1500 ‘¹

60 1569 134 1660 ipse
155 1595 239 1639 vero
264 1595 446 1663 percussus
468 1567 584 1651 eranl3
611 1591 749 1657 semper
765 1573 858 1636 enim
874 1570 947 1638 fere
963 1571 1104 1642 iuvenes

22 1691 24 1694 ’
62 1674 248 1761 sepulchri
267 1675 421 1739 animum
437 1693 555 1740 meum
570 1671 779 1760 percutiunt.
799 1671 978 1744 videbatur
990 1685 1105 1745 autem
1126 1725 1128 1730 -

61 1773 144 1840 alter
169 1797 240 1839 uon
265 1776 380 1841 minus
407 1794 516 1862 quam
525 1794 587 1860 ego
603 1784 776 1853 aestuare3
796 1788 1033 1843 verumtamen
1047 1802 1105 1845 re·

60 1874 246 1966 spondebat
275 1875 363 1943 mihi
388 1875 574 1942 admodum
603 1875 790 1950 ambitiose
841 1873 988 1968 Quando
1009 1896 1105 1960 vero,
1184 1870 1217 1958 ,’

61 1971 190 2065 iuquit,
220 1976 379 2056 Socrate,
412 1973 648 2084 philosophari
677 1989 778 2070 turpe
806 1995 982 2048 censerem
1021 2004 1105 2062 essa,
1171 1973 1177 1982 ’

60 2095 123 2144 nee
143 2077 320 2150 hominem
343 2069 579 2145 existimarem
597 2100 654 2145 me
676 2100 767 2160 esse,
798 2099 907 2167 neque
926 2078 1033 2148 alium
1059 2080 1107 2151 ita
1165 2069 1173 2088 ⁸

61 2182 251 2250 sarmatum
259 2231 271 2270 ,
309 2181 414 2269 digito
434 2177 626 2247 monstrans
650 2179 796 2245 rivalem
819 2193 853 2247 et
874 2203 1000 2278 magna
1022 2207 1106 2250 voce

61 2255 225 2374 loquens,
251 2287 297 2350 'ut
327 2303 417 2372 puer
437 2280 579 2346 dilectus
604 2301 685 2345 eum
708 2275 853 2348 audiret.
902 2281 1017 2370 Atque
1041 2308 1105 2373 ego

60 2385 250 2452 Pulchrum
278 2407 381 2473 ergo,
415 2384 575 2470 inquam,
603 2382 742 2460 videtur
764 2383 826 2451 tibi
845 2383 1106 2474 philosophari?
1144 2375 1152 2398 '
1207 2462 1210 2468 Ι

59 2479 148 2554 Sana
164 2488 322 2575 quidem,
342 2485 467 2574 inquit.
494 2483 591 2571 ¹Quid
604 2484 766 2573 igitur?
754 2504 905 2573 mquam.
926 2485 1108 2554 videturne
1210 2499 1214 2516 ⁸

61 2590 124 2672 sui
147 2589 228 2657 fieri
253 2611 350 2677 posse
374 2600 412 2667 ut
434 2585 610 2675 quisquam
632 2605 708 2651 rem
728 2587 915 2673 quamlibet
928 2602 1117 2676 cognoscar

59 2702 178 2755 utrum
191 2690 337 2779 pulchra
355 2688 456 2755 sitan
471 2687 583 2776 turpia
597 2681 627 2753 si
642 2686 783 2753 omnino
797 2689 927 2756 nesciat
939 2683 1026 2778 quae
1038 2692 1121 2757 sit'l'
1218 2761 1222 2768 ,

60 2789 226 2869 Minime,
243 2789 365 2879 iuquit,
407 2790 503 2857 Nosti
523 2787 647 2876 igitur,
674 2787 838 2875 inquam,
859 2790 942 2879 quid
963 2791 1008 2857 ait
1024 2789 1108 2879 phi·
1193 2847 1198 2852 .

61 2892 261 2982 Iosophan'?
303 2892 433 2972 Etiam,
454 2889 584 2977 inquit.
627 2889 723 2979 Quid,
747 2913 831 2956 vero
852 2894 927 2960 est?
954 2892 1108 2980 inquam.v
1196 2941 1199 2952 ι

63 2993 156 3083 Quid
177 2993 272 3060 aliud
295 3013 398 3082 quam
421 2994 511 3081 qdod
532 2989 639 3086 Solon
662 2989 786 3059 dixit?
812 2993 919 3062 Solon
945 2995 1108 3062 enimait
1159 3002 1193 3084 ᾗ

62 3093 257 3164 Senesco
292 3114 465 3185 semper
502 3095 652 3161 multa
670 3093 854 3163 discens
894 3095 1107 3191 atquomihi

62 3196 221 3266 videtur
209 3209 258 3280 sta
272 3218 408 3284 semper
423 3211 584 3285 oportere
600 3207 709 3262 unum
725 3198 861 3286 aliquod
873 3198 1003 3268 discere
1025 3205 1106 3267 eum

62 3321 119 3388 qut
109 3298 372 3388 philosophari
388 3289 524 3385 cogitet,
540 3309 610 3364 tam
625 3298 797 3366 iuniorem
814 3322 914 3388 quam
924 3301 1107 3417 seniorem,
1180 3371 1185 3380 ,

63 3411 101 3467 ut
126 3411 229 3488 quant
249 3399 429 3489 plurima
418 3423 456 3465 m
478 3401 549 3466 vita
565 3397 754 3498 cognoscat
797 3403 910 3491 Atque
926 3401 1013 3475 mihi
1028 3399 1108 3494 pri-,
1182 3461 1186 3464 .

62 3523 161 3569 mum
191 3500 328 3589 quidetn
353 3499 534 3568 videbatur
560 3483 688 3602 aliquid
713 3499 845 3584 dicere,
878 3503 1001 3569 deinde
1023 3509 1131 3570 vero‘

62 3625 195 3768 prum·
194 3624 329 3668 mecum
348 3603 650 3693 idtreputassem
639 3602 850 3689 interrogavi
870 3625 948 3670 eum
964 3628 1007 3670 an
1023 3605 1107 3694 phi·
1106 3683 1116 3690 ἢ

75 3701 252 3792 osophiam
268 3706 454 3774 multarum
470 3727 588 3772 rerum
603 3703 780 3770 scientiam
794 3703 1019 3772 arbitraretur
1027 3728 1107 3772 esse.

65 3805 160 3871 Tum
182 3803 261 3889 ille,
291 3830 372 3874 sane
393 3799 549 3896 quidem,
570 3806 695 3895 inquit..
738 3807 908 3872 censesne
926 3825 1009 3872 vero
1026 3806 1107 3894 pul-

63 3903 182 3974 chram
207 3919 339 3976 tantum
363 3933 435 3975 esse
454 3908 726 3999 philosophiam,
766 3930 810 3976 au
834 3908 1107 3996 etiambpnam?

27 4013 29 4082 ᾗ
63 4007 216 4099 inquam.
260 4011 367 4106 Sane,
394 4005 525 4102 inquil,
550 4012 653 4080 etiam
673 4012 811 4078 bonam.
854 4005 982 4076 Utrum
1004 4005 1109 4118 igitur
